<?xml version="1.0" encoding="UTF-8"?>
<collection xmlns:xsi="http://www.w3.org/2001/XMLSchema-instance" xsi:schemaLocation="http://www.loc.gov/MARC21/slim http://www.loc.gov/standards/marcxml/schema/MARC21slim.xsd" xmlns="http://www.loc.gov/MARC21/slim">
<record>
  <leader>00615nam a2200193Ma 4500</leader>
  <controlfield tag="001">2983265</controlfield>
  <controlfield tag="003">NNC</controlfield>
  <controlfield tag="005">20030429141026.0</controlfield>
  <controlfield tag="008">960514s1970    iq            000 1 ara d</controlfield>
  <datafield tag="035" ind1=" " ind2=" ">
    <subfield code="a">(OCoLC)ocm43134002</subfield>
  </datafield>
  <datafield tag="035" ind1=" " ind2=" ">
    <subfield code="9">ASN0450CU</subfield>
  </datafield>
  <datafield tag="040" ind1=" " ind2=" ">
    <subfield code="a">EQO</subfield>
    <subfield code="c">EQO</subfield>
    <subfield code="d">ZCU</subfield>
  </datafield>
  <datafield tag="090" ind1=" " ind2=" ">
    <subfield code="a">PJ7838.B7172</subfield>
    <subfield code="b">S27</subfield>
  </datafield>
  <datafield tag="100" ind1="1" ind2=" ">
    <subfield code="a">Ibrāhīm, Ṣulḥī.</subfield>
  </datafield>
  <datafield tag="245" ind1="1" ind2="0">
    <subfield code="a">Sarjūn al-Akkadī :</subfield>
    <subfield code="b">masraḥīyah shiʻrīyah /</subfield>
    <subfield code="c">Ṣulḥī Ibrāhīm.</subfield>
  </datafield>
  <datafield tag="260" ind1=" " ind2=" ">
    <subfield code="a">al-Najaf :</subfield>
    <subfield code="b">Maṭbaʻat al-Nuʻmān,</subfield>
    <subfield code="c">[1970?]</subfield>
  </datafield>
  <datafield tag="300" ind1=" " ind2=" ">
    <subfield code="a">126 p. ;</subfield>
    <subfield code="c">24 cm.</subfield>
  </datafield>
  <datafield tag="500" ind1=" " ind2=" ">
    <subfield code="a">"Sāʻidat Wizārat al-Thaqāfah wa-al-Iʻlām alá Nashrah".</subfield>
  </datafield>
  <datafield tag="955" ind1=" " ind2=" ">
    <subfield code="b">0071342770</subfield>
    <subfield code="d">glx</subfield>
    <subfield code="e">PJ7838.B7172 S27</subfield>
  </datafield>
</record>
</collection>